@book{oppenheim2010sinais,
  title={Sinais e Sistemas},
  author={Oppenheim, A.V. and Willsky, A.S.},
 publisher =    "Pearson",
 address =      {São Paulo},
 edition =      "2ª",
 pages =        "592p.",
 year =         "2010",
 ISBN =         "857605504X",
 ISBN-13 =      "9788576055044",
}

@book{zolzer2008digital,
  title={Digital Audio Signal Processing},
  author={Z{\"o}lzer, U.},
  isbn={9780470997857},
  lccn={2008006095},
  year={2008},
  publisher={Wiley}
}

@article{Shannon,
  title={Communication In The Presence Of Noise},
  author={Shannon, C. E.},
  journal={Proceedings of the IEEE},
  year={1949},
  volume={37},
  pages={10--21}
}

@article{nyquist,
  author={Nyquist, H.},
  journal={Transactions of the American Institute of Electrical Engineers}, 
  title={Certain Topics in Telegraph Transmission Theory}, 
  year={1928},
  volume={47},
  number={2},
  pages={617-644},
  doi={10.1109/T-AIEE.1928.5055024}}


@ARTICLE{widrow,
  author={Widrow, B. and Kollar, I. and Ming-Chang Liu},
  journal={IEEE Transactions on Instrumentation and Measurement}, 
  title={Statistical theory of quantization}, 
  year={1996},
  volume={45},
  number={2},
  pages={353-361},
  doi={10.1109/19.492748}}

@book{moyses,
	author = {Nussenzveig, H. M},
	title = {Curso de física básica, 2 : fluídos, oscilações e ondas. calor},
	publisher = {Edgard Blücher},
	year = {2006},
	address = {São Paulo},
	edition = {4.ed.},
    isbn = {9788521207481}
}

@book{farnell,
author = {Farnell, Andy},
title = {Designing Sound},
year = {2010},
isbn = {0262014416},
publisher = {The MIT Press}
}

@book{farnell2010designing,
  title={Designing Sound},
  author={Farnell, A.},
  isbn={9780262014410},
  lccn={2009050741},
  url={https://books.google.com.br/books?id=Hr34DwAAQBAJ},
  year={2010},
  publisher={MIT Press}
}

@book{selfaudio,
  title={Audio Engineering Explained},
  author={Self, D.},
  isbn={9780240812731},
  lccn={2009933707},
  url={https://books.google.com.br/books?id=WzYm1hGnCn4C},
  year={2010},
  publisher={Focal}
}

@book{roads1996computer,
  title={The Computer Music Tutorial},
  author={Roads, C.},
  isbn={9780262680820},
  lccn={gb96035876},
  series={Mit Press},
  url={https://books.google.com.br/books?id=nZ-TetwzVcIC},
  year={1996},
  publisher={MIT Press}
}

@book{lastnight,
  title={Last Night a DJ Saved My Life: The History of the Disc Jockey},
  author={Brewster, B. and Broughton, F.},
  isbn={9780802194367},
  url={https://books.google.com.br/books?id=MxTnBAAAQBAJ},
  year={2014},
  publisher={Grove Atlantic}
}


@book{cage,
  title={Silêncio – Conferências e escritos de John Cage},
  author={Cage, J.},
  isbn={9788555911026},
  series={Literatura / Música},
  url={https://www.cobogo.com.br/produto/silencio-conferencias-e-escritos-de-john-cage-633},
  year={2019},
}
@book{mixing,
  title={Mixing Audio: Concepts, Practices and Tools},
  author={Izhaki, R.},
  isbn={9780240522227},
  lccn={2011933235},
  url={https://books.google.com.br/books?id=f-Rz8c73xh4C},
  year={2012},
  publisher={Focal Press}
}

@book{winer,
  title={The Audio Expert: Everything You Need to Know about Audio},
  author={Winer, E.},
  isbn={9780240821009},
  lccn={2012006059},
  url={https://books.google.com.br/books?id=Hf0YQAUWGfgC},
  year={2012},
  publisher={Focal Press}
}

@book{bartlett,
  title={Practical Recording Techniques: The Step-by-step Approach to Professional Audio Recording},
  author={Bartlett, B. and Bartlett, J.},
  isbn={9780240811444},
  lccn={2008030765},
  url={https://books.google.com.br/books?id=E0uy8adetQoC},
  year={2009},
  publisher={Focal Press}
}

@book{self2013audio,
  title={Audio Power Amplifier Design},
  author={Self, D.},
  isbn={9780240526133},
  lccn={2012048301},
  url={https://books.google.com.br/books?id=Poh4MAEACAAJ},
  year={2013},
  publisher={Focal Press}
}

@inproceedings{puredata,
  author    = {Miller Puckette},
  title     = {Using Pd as a score language},
  booktitle = {Proceedings of the International Computer Music Conference (ICMC)},
  pages     = {184--187},
  year      = {2002},
  url       = {https://puredata.info/}
}

@misc{track01,
  author       = {Antonio Carlos & Jocafi},
  title        = {Pé de Bode (Ney Faustini Edit)},
  year         = {2019},
  note         = {WAV, Gop Tun Records},
  url          = {https://goptun.bandcamp.com/track/p-de-bode-ney-faustini-edit},
}

@misc{track02,
  author       = {TYV},
  title        = {The White Calf},
  year         = {2019},
  note         = {WAV, Gop Tun Records},
  url          = {https://goptun.bandcamp.com/track/the-white-calf-tyv-edit},
}

@misc{stoneyroadsStoryBehind,
	author = {Ubbs},
	title = {The Story Behind the First Ever Mixer},
	howpublished = {\url{https://stoneyroads.com/2015/05/the-story-behind-the-first-ever-mixer/}},
	year = {2015},
  note = {[Acessado em 02-09-2024]},
}

@misc{electronicaptBozak102,
	author = {Eduardo Marques},
	title = {Bozak CMA DL},
	howpublished = {\url{https://www.electronica-pt.com/esquema/old-tv/bozak-cma-10.2-dl-71774/}},
	year = {2019},
  note   = {[Acessado em 02-09-2024]},
}

@misc{wikimediaFileTechnicsSL1200MK22jpg,
  author       = {32bitmaschine},
  title        = {File:Technics SL-1200MK2-2.jpg},
  howpublished = {\url{https://commons.wikimedia.org/wiki/File:Technics_SL-1200MK2-2.jpg}},
  year         = {2008},
  note         = {[Acessado em 02-09-2024]},
}

@misc{ranecommercialMixerEvolution,
  author       = {Rane},
  title        = {MP 24 Mixer Evolution},
  howpublished = {\url{https://www.ranecommercial.com/legacy/mp24evo.html}},
  year         = {2008},
  note         = {[Acessado em 02-09-2024]},
}

@misc{cdj300,
  author       = {Pioneer},
  title        = {CDJ-300},
  howpublished = {\url{http://www.cddj.com/ppdj/products/cdj300}},
  year         = {2024},
  note         = {[Acessado em 02-09-2024]},
}

@misc{macmagazineDesenvolvedorFala,
  author       = {Bruno Cardoso},
  title        = {Desenvolvedor fala sobre processo de levar o app djay para o Vision Pro},
  howpublished = {\url{https://macmagazine.com.br/post/2024/01/12/desenvolvedor-fala-sobre-processo-de-levar-o-app-djay-para-o-vision-pro/}},
  year         = {2024},
  note         = {[Acessado em 02-09-2024]},
}

@misc{pioneerdjDJMA94channel,
	author = {Pioneer},
  title = {DJM-A9 - 4-channel professional DJ mixer (black) - pioneerdj.com},
	howpublished = {\url{https://www.pioneerdj.com/pt-pt/product/mixer/djm-a9/black/overview/}},
	year = {2024},
  note = {[Acessado em 02-09-2024]},
}

@misc{electroniquespectacleampAUDIO,
	author = {E&S Mixers},
  title = {E \& S - AUDIO - MIDI Design and Manufacture --- electronique-spectacle.com},
	howpublished = {\url{http://www.electronique-spectacle.com/}},
	year = {2024},
  note = {[Acessado em 02-09-2024]},
}

@misc{headphonestyAudioFrequency,
  author       = {Alan Gleeson},
  title        = {The Audio Frequency Spectrum Explained},
  howpublished = {\url{https://www.headphonesty.com/2020/02/audio-frequency-spectrum-explained/}},
  year         = {2024},
  note         = {[Acessado em 02-09-2024]},
}

@misc{proaudiospQualDiferena,
  author       = {Neimar},
  title        = {Qual é a diferença entre cabo Balanceado e Desbalanceado},
  howpublished = {\url{https://proaudiosp.com.br/qual-e-a-diferenca-entre-cabo-balanceado-e-desbalanceado/noticias/neimar-pro-audio/}},
  year         = {2023},
  note         = {[Acessado em 02-09-2024]},
}

@misc{mouser,
  author       = {Mouser Electronics},
  title        = {1/4" (6.35mm) Plugs - Amphenol Audio},
  howpublished = {\url{https://br.mouser.com/new/amphenol/amphenol-audio-q-plugs/}},
  year         = {2024},
  note         = {[Acessado em 03-09-2024]},
}

@misc{rs,
  author       = {RS},
  title        = {Product Detail},
  howpublished = {\url{https://seecommercestg.ingrammicro.com/site/productdetail?id=V933158}},
  year         = {2024},
  note         = {[Acessado em 03-09-2024]},
}

@misc{hollylandWhatCable,
  author       = {Hollyland},
  title        = {What is an XLR Cable Used for?},
  howpublished = {\url{https://www.hollyland.com/blog/tips/what-is-an-xlr-cable-used-for}},
  year         = {2024},
  note         = {[Acessado em 03-09-2024]},
}

@misc{robocore,
  author       = {RoboCore},
  title        = {Potenciômetro 20k Deslizante com Knob},
  howpublished = {\url{https://www.robocore.net/resistor-potenciometro/potenciometro-deslizante-com-knob}},
  year         = {2024},
  note         = {[Acessado em 03-09-2024]},
}

@misc{evea,
  author       = {Evea},
  title        = {Rotating Knob Button, 2 Fixed Positions},
  howpublished = {\url{https://www.evea-solutions.com/en/switchs-and-leds/1478-rotating-knob-button-2-fixed-positions-on-off-2-contacts.html}},
  year         = {2024},
  note         = {[Acessado em 03-09-2024]},
}

@misc{walmartRobotHuman,
  author       = {WalMart},
  title        = {Placa de Captura I2S ADC Audio I2S},
  howpublished = {\url{https://www.walmart.com/ip/Tersalle-I2S-ADC-Audio-I2S-Capture-Card-Module-Master-Slave-Mode-Development-Board-Lossless-Digital-Audio-I2S-ADC-Decoder/5742262214}},
  year         = {2024},
  note         = {[Acessado em 03-09-2024]},
}

@misc{eletroniklvEletronikComponentes,
	author = {Eletronik},
	title = {Eletronik LV - Componentes Eletrônicos e Robótica --- eletroniklv.com.br},
	howpublished = {\url{https://eletroniklv.com.br/conversor-analogico-digital-ads1115-16-bits-4-canais-adc?search=adc&description=true&page=2}},
	year = {2024},
  note = {[Acessado em 29-10-2024]},
}

@misc{adrenalineDisplaysLanar,
  author       = {Mateus Mognon},
  title        = {NEC Displays lançará monitores com Raspberry Pi 3 integrado em 2017},
  howpublished = {\url{https://www.adrenaline.com.br/hardware/nec-displays-lancara-monitores-com-raspberry-pi-3-integrado-em-2017/}},
  year         = {2016},
  note         = {[Acessado em 03-09-2024]},
}

@misc{shutterstock,
	author = {Fouad Saad},
	title = {Sound Propagation - Image Vector},
	howpublished = {\url{https://www.shutterstock.com/image-vector/sound-reflection-reverberation-260nw-1282003960.jpg}},
	year = {2019},
	note = {[Acessado em 22-10-2024]},
}

@book{oppenheim2013processamento,
  title        = {Processamento em Tempo Discreto de Sinais},
  author       = {Alan V. Oppenheim and Ronald W. Schafer},
  year         = {2013},
  edition      = {3ª},
  isbn         = {978-8581431024},
  publisher    = {Pearson Universidades},
  address      = {São Paulo, Brasil},
  month        = {jan},
  note         = {Capa comum}
}
